@inproceedings{Chapman:2010:GAL:1863543.1863547,
 author = {Chapman, James and Dagand, Pierre-\'{E}variste and McBride, Conor and Morris, Peter},
 title = {The Gentle Art of Levitation},
 booktitle = {Proceedings of the 15th ACM SIGPLAN International Conference on Functional Programming},
 series = {ICFP '10},
 year = {2010},
 isbn = {978-1-60558-794-3},
 location = {Baltimore, Maryland, USA},
 pages = {3--14},
 numpages = {12},
 url = {http://doi.acm.org/10.1145/1863543.1863547},
 doi = {10.1145/1863543.1863547},
 acmid = {1863547},
 publisher = {ACM},
 address = {New York, NY, USA},
 keywords = {data structure, metaprogramming, monads, proof assistants, type systems},
}
@article{mcbride2010ornamental,
  title={Ornamental algebras, algebraic ornaments},
  author={McBride, Conor},
  year={2010},
  journal={{Journal} of {Functional} {Programming}}
}
@inproceedings{diehl2014eliminators,
  author={Diehl, Larry and Sheard, Tim},
  title={Generic Constructors and Eliminators from Descriptions},
  year={2014},
  series={WGP '14}
}
@article{brady2013idris,
  title={Idris, a general-purpose dependently typed programming language: Design and implementation},
  author={Brady, Edwin},
  journal={Journal of Functional Programming},
  volume={23},
  number={05},
  pages={552--593},
  year={2013},
  publisher={Cambridge Univ Press}
}
@incollection{norell2009dependently,
  title={Dependently typed programming in Agda},
  author={Norell, Ulf},
  booktitle={Advanced Functional Programming},
  pages={230--266},
  year={2009},
  publisher={Springer}
}
@article{haskell98,
  author = {Simon {Peyton Jones} and others},
  title = {The {Haskell} 98 Language and Libraries: The Revised Report},
  journal = {Journal of Functional Programming},
  volume = 13,
  number = 1,
  pages = {0--255},
  month = {Jan},
  year = 2003,
  note = {\url{http://www.haskell.org/definition/}},
}
@article{magalhaes2010generic,
  title={A generic deriving mechanism for Haskell},
  author={Magalh{\~a}es, Jos{\'e} Pedro and Dijkstra, Atze and Jeuring, Johan and L{\"o}h, Andres},
  journal={ACM Sigplan Notices},
  volume={45},
  number={11},
  pages={37--48},
  year={2010},
  publisher={ACM}
}
@article{benke2003universes,
  title={Universes for Generic Programs and Proofs in Dependent Type Theory},
  author={Benke, Marcin and Dybjer, Peter and Jansson, Patrik},
  journal={Nordic Journal of Computing},
  volume={10},
  number={4},
  pages={265--289},
  year={2003}
}
